@ARTICLE{2014MNRAS.443.1090F,
       author = {{Forero-Romero}, Jaime E. and {Contreras}, Sergio and {Padilla}, Nelson},
        title = "{Cosmic web alignments with the shape, angular momentum and peculiar velocities of dark matter haloes}",
      journal = {\mnras},
     keywords = {methods: numerical, galaxies: haloes, cosmology: theory, dark matter, large-scale structure of Universe, Astrophysics - Cosmology and Nongalactic Astrophysics},
         year = 2014,
        month = sep,
       volume = {443},
       number = {2},
        pages = {1090-1102},
          doi = {10.1093/mnras/stu1150},
archivePrefix = {arXiv},
       eprint = {1406.0508},
 primaryClass = {astro-ph.CO},
       adsurl = {https://ui.adsabs.harvard.edu/abs/2014MNRAS.443.1090F},
      adsnote = {Provided by the SAO/NASA Astrophysics Data System}
}


@article{2009Forero-Romero,
    title = {{A dynamical classification of the cosmic web}},
    year = {2009},
    journal = {Monthly Notices of the Royal Astronomical Society},
    author = {Forero-Romero, J. E. and Hoffman, Y. and Gottl{\"{o}}ber, S. and Klypin, A. and Yepes, G.},
    number = {3},
    pages = {1815--1824},
    volume = {396},
    publisher = {Blackwell Publishing Ltd Oxford, UK},
    doi = {10.1111/j.1365-2966.2009.14885.x},
    issn = {00358711},
    arxivId = {0809.4135},
    keywords = {Cosmology: large-scale structure of Universe, Methods: numerical}
}

@article{1985Kirkpatrick,
    title = {{A Framework for Computational Morphology}},
    year = {1985},
    journal = {Machine Intelligence and Pattern Recognition},
    author = {Kirkpatrick, David G. and Radke, John D.},
    month = {1},
    pages = {217--248},
    volume = {2},
    publisher = {North-Holland},
    url = {https://www.sciencedirect.com/science/article/pii/B978044487806950013X?via%3Dihub},
    isbn = {9780444878069},
    doi = {10.1016/B978-0-444-87806-9.50013-X},
    issn = {0923-0459}
}

@article{kako2006,
    title = {{A gallium nitride single-photon source operating at 200 K}},
    year = {2006},
    journal = {Nat. Mater.},
    author = {Kako, Satoshi and Santori, Charles and Hoshino, Katsuyuki and G{\"{o}}tzinger, Stephan and Yamamoto, Yoshihisa and Arakawa, Yasuhiko},
    number = {11},
    pages = {887--892},
    volume = {{\textbackslash}textbf{\{}5{\}}},
    publisher = {Nature Publishing Group}
}

@book{Bachor2004,
    title = {{A guide to experiments in quantum optics}},
    year = {2004},
    booktitle = {A guide to experiments in quantum optics},
    author = {Bachor, Hans-Albert and Ralph, Timothy C},
    publisher = {Wiley}
}

@article{2012Hoffman,
    title = {{A kinematic classification of the cosmic web}},
    year = {2012},
    journal = {Monthly Notices of the Royal Astronomical Society},
    author = {Hoffman, Yehuda and Metuki, Ofer and Yepes, Gustavo and Gottl{\"{o}}ber, Stefan and Forero-Romero, Jaime E. and Libeskind, Noam I. and Knebe, Alexander},
    number = {3},
    pages = {2049--2057},
    volume = {425},
    doi = {10.1111/j.1365-2966.2012.21553.x},
    issn = {00358711},
    arxivId = {1201.3367},
    keywords = {Cosmology, Theory - dark matter - large scale of universe}
}

@article{Michler2000,
    title = {{A quantum dot single-photon turnstile device}},
    year = {2000},
    journal = {Science},
    author = {Michler, P and Kiraz, A and Becher, C and Schoenfeld, W V and Petroff, P M and Zhang, Lidong and Hu, E and Imamoglu, A},
    number = {5500},
    pages = {2282--2285},
    volume = {{\textbackslash}textbf{\{}29},
    publisher = {American Association for the Advancement of Science}
}

@article{Lohrmann2017,
    title = {{A review on single photon sources in silicon carbide}},
    year = {2017},
    journal = {Rep. Prog. Phys.},
    author = {Lohrmann, A and Johnson, B C and McCallum, J C and Castelletto, S},
    number = {3},
    pages = {34502},
    volume = {{\textbackslash}textbf{\{}80},
    url = {http://stacks.iop.org/0034-4885/80/i=3/a=034502}
}

@article{Fortsch2013,
    title = {{A versatile source of single photons for quantum information processing}},
    year = {2013},
    journal = {Nat. Commun.},
    author = {F{\"{o}}rtsch, Michael and F{\"{u}}rst, Josef U and Wittmann, Christoffer and Strekalov, Dmitry and Aiello, Andrea and Chekhova, Maria V and Silberhorn, Christine and Leuchs, Gerd and Marquardt, Christoph},
    pages = {1818},
    volume = {{\textbackslash}textbf{\{}4{\}}},
    publisher = {Nature Publishing Group}
}

@article{Giovannetti2011,
    title = {{Advances in quantum metrology}},
    year = {2011},
    journal = {Nat. Photonics},
    author = {Giovannetti, Vittorio and Lloyd, Seth and Maccone, Lorenzo},
    number = {4},
    pages = {222--229},
    volume = {{\textbackslash}textbf{\{}5{\}}},
    publisher = {Nature Research}
}

@article{2019Armitage,
    title = {{An application of machine learning techniques to galaxy cluster mass estimation using the MACSIS simulations}},
    year = {2019},
    journal = {Mon. Not. Roy. Astron. Soc.},
    author = {Armitage, Thomas J and Kay, Scott T and Barnes, David J},
    pages = {1526},
    volume = {484},
    doi = {10.1093/mnras/stz039},
    arxivId = {1810.08430}
}

@phdthesis{2015Leclercq,
    title = {{Bayesian large-scale structure inference and cosmic web analysis}},
    year = {2015},
    booktitle = {arXiv e-prints},
    author = {Leclercq, Florent},
    month = {12},
    pages = {arXiv:1512.04985},
    arxivId = {1512.04985},
    keywords = {Astrophysics - Cosmology and Nongalactic Astrophys}
}

@article{Einstein1935,
    title = {{Can Quantum-Mechanical Description of Physical Reality Be Considered Complete?}},
    year = {1935},
    journal = {Phys. Rev.},
    author = {Einstein, A and Podolsky, B and Rosen, N},
    month = {5},
    pages = {777--780},
    volume = {{\textbackslash}textbf{\{}47},
    doi = {10.1103/PhysRev.47.777}
}

@article{2011Loh,
    title = {{Classification and regression trees}},
    year = {2011},
    journal = {Wiley Interdisciplinary Reviews: Data Mining and Knowledge Discovery},
    author = {Loh, Wei-Yin},
    number = {1},
    pages = {14--23},
    volume = {1},
    url = {https://onlinelibrary.wiley.com/doi/abs/10.1002/widm.8},
    doi = {10.1002/widm.8}
}

@inproceedings{2018Suarez-Perez,
    title = {{Control of the frequency correlations of entangled photons to produce a pure heralded single photon source}},
    year = {2018},
    booktitle = {Optics InfoBase Conference Papers},
    author = {Su{\'{a}}rez-P{\'{e}}rez, John and Valencia, Alejandra and Nu{\~{n}}ez-Portela, Mayerlin},
    pages = {Tu2D.2},
    volume = {Part F123-},
    isbn = {9781943580491},
    doi = {10.1364/laop.2018.tu2d.2}
}

@article{Florez2015,
    title = {{Correlation control for pure and efficiently generated heralded single photons}},
    year = {2015},
    journal = {Phys. Rev. A},
    author = {Fl{\'{o}}rez, J and Calder{\'{o}}n, O and Valencia, A and Osorio, Clara I},
    number = {1},
    month = {1},
    pages = {13819},
    volume = {{\textbackslash}textbf{\{}91},
    publisher = {American Physical Society},
    url = {https://link.aps.org/doi/10.1103/PhysRevA.91.013819},
    doi = {10.1103/PhysRevA.91.013819}
}

@article{2015LeclercqJasche,
    title = {{Cosmic web-type classification using decision theory}},
    year = {2015},
    journal = {Astronomy and Astrophysics},
    author = {Leclercq, F. and Jasche, J. and Wandelt, B.},
    volume = {576},
    doi = {10.1051/0004-6361/201526006},
    issn = {14320746},
    arxivId = {1503.00730},
    keywords = {Catalogs, Large-scale structure of Universe, Methods: statistical}
}

@article{2018Mathuriya,
    title = {{CosmoFlow: Using Deep Learning to Learn the Universe at Scale}},
    year = {2018},
    journal = {arXiv e-prints},
    author = {Mathuriya, Amrita and Bard, Deborah and Mendygral, Peter and Meadows, Lawrence and Arnemann, James and Shao, Lei and He, Siyu and Karna, Tuomas and Moise, Daina and Pennycook, Simon J and Maschoff, Kristyn and Sewall, Jason and Kumar, Nalini and Ho, Shirley and Ringenburg, Mike and {Prabhat} and Lee, Victor},
    month = {8},
    pages = {arXiv:1808.04728},
    arxivId = {1808.04728},
    keywords = {Astrophysics - Cosmology and Nongalactic Astrophys, Astrophysics - Instrumentation and Methods for Ast, Computer Science - Machine Learning, Physics - Computational Physics}
}

@article{Mattle96,
    title = {{Dense Coding in Experimental Quantum Communication}},
    year = {1996},
    journal = {Phys. Rev. Lett.},
    author = {Mattle, Klaus and Weinfurter, Harald and Kwiat, Paul G and Zeilinger, Anton},
    number = {25},
    month = {6},
    pages = {4656--4659},
    volume = {{\textbackslash}textbf{\{}76},
    publisher = {American Physical Society},
    url = {https://link.aps.org/doi/10.1103/PhysRevLett.76.4656},
    doi = {10.1103/PhysRevLett.76.4656}
}

@article{Vicent2010,
    title = {{Design of bright, fiber-coupled and fully factorable photon pair sources}},
    year = {2010},
    journal = {New J. Phys.},
    author = {Vicent, Luis Edgar and U'Ren, Alfred B and Rangarajan, Radhika and Osorio, Clara I and Torres, Juan P and Zhang, Lijian and Walmsley, Ian A},
    number = {9},
    pages = {93027},
    volume = {{\textbackslash}textbf{\{}12},
    publisher = {IOP Publishing}
}

@article{Kuhn2002,
    title = {{Deterministic single-photon source for distributed quantum networking}},
    year = {2002},
    journal = {Phys. Rev. Lett.},
    author = {Kuhn, Axel and Hennrich, Markus and Rempe, Gerhard},
    number = {6},
    pages = {67901},
    volume = {{\textbackslash}textbf{\{}89},
    publisher = {APS}
}

@article{Valencia2004,
    title = {{Distant clock synchronization using entangled photon pairs}},
    year = {2004},
    journal = {Appl. Phys. Lett.},
    author = {Valencia, Alejandra and Scarcelli, Giuliano and Shih, Yanhua},
    number = {13},
    pages = {2655--2657},
    volume = {{\textbackslash}textbf{\{}85},
    url = {http://dx.doi.org/10.1063/1.1797561},
    doi = {10.1063/1.1797561}
}

@article{Svetlana2004,
    title = {{Dye-doped cholesteric-liquid-crystal room-temperature single-photon source}},
    year = {2004},
    journal = {J. Mod. Opt.},
    author = {Lukishova, Svetlana G and Schmid, Ansgar W and Supranowitz, Christopher M and Lippa, Nadine and McNamara, Andrew J and Boyd, Robert W and Jr, C R Stroud},
    number = {9-10},
    pages = {1535--1547},
    volume = {{\textbackslash}textbf{\{}51},
    publisher = {Taylor {\&} Francis},
    url = {http://www.tandfonline.com/doi/abs/10.1080/09500340408235291},
    doi = {10.1080/09500340408235291}
}

@article{VanExter2006,
    title = {{Effect of spatial filtering on the Schmidt decomposition of entangled photons}},
    year = {2006},
    journal = {Phys. Rev. A},
    author = {van Exter, M P and Aiello, A and Oemrawsingh, S S R and Nienhuis, G and Woerdman, J P},
    number = {1},
    month = {7},
    pages = {12309},
    volume = {{\textbackslash}textbf{\{}74},
    publisher = {American Physical Society},
    url = {http://link.aps.org/doi/10.1103/PhysRevA.74.012309},
    doi = {10.1103/PhysRevA.74.012309}
}

@article{Blay2017,
    title = {{Effects of filtering on the purity of heralded single photons from parametric sources}},
    year = {2017},
    journal = {Phys. Rev. A},
    author = {{D. R. Blay} and Steel, M J and Helt, L G},
    number = {5},
    month = {11},
    pages = {53842},
    volume = {{\textbackslash}textbf{\{}96},
    publisher = {American Physical Society},
    url = {https://link.aps.org/doi/10.1103/PhysRevA.96.053842},
    doi = {10.1103/PhysRevA.96.053842}
}

@article{Uren2004,
    title = {{Efficient Conditional Preparation of High-Fidelity Single Photon States for Fiber-Optic Quantum Networks}},
    year = {2004},
    journal = {Phys. Rev. Lett.},
    author = {U'Ren, Alfred and Silberhorn, Christine and Banaszek, Konrad and Walmsley, Ian A},
    number = {9},
    month = {8},
    pages = {93601},
    volume = {{\textbackslash}textbf{\{}93},
    publisher = {American Physical Society},
    url = {https://link.aps.org/doi/10.1103/PhysRevLett.93.093601},
    doi = {10.1103/PhysRevLett.93.093601}
}

@article{Grice2001,
    title = {{Eliminating frequency and space-time correlations in multiphoton states}},
    year = {2001},
    journal = {Phys. Rev. A},
    author = {Grice, W P and U'Ren, A B and Walmsley, I A},
    number = {6},
    month = {11},
    pages = {63815},
    volume = {{\textbackslash}textbf{\{}64},
    publisher = {American Physical Society},
    url = {https://link.aps.org/doi/10.1103/PhysRevA.64.063815},
    doi = {10.1103/PhysRevA.64.063815}
}

@article{Shih2003,
    title = {{Entangled biphoton source - property and preparation}},
    year = {2003},
    journal = {Rep. Prog. Phys.},
    author = {Shih, Yanhua},
    number = {6},
    pages = {1009},
    volume = {{\textbackslash}textbf{\{}66},
    url = {http://stacks.iop.org/0034-4885/66/i=6/a=203}
}

@article{Ursin2007,
    title = {{Entanglement-based quantum communication over 144 km}},
    year = {2007},
    journal = {Nat. Phys.},
    author = {Ursin, Rupert and Tiefenbacher, F and Schmitt-Manderbach, T and Weier, H and Scheidl, Thomas and Lindenthal, M and Blauensteiner, B and Jennewein, T and Perdigues, J and Trojek, P and {others}},
    number = {7},
    pages = {481--486},
    volume = {{\textbackslash}textbf{\{}3{\}}},
    publisher = {Nature Publishing Group}
}

@misc{Urrea2017,
    title = {{Evaluation of Phase Retrieval in a Compressive Computational Ghost Imaging Setup}},
    year = {2017},
    author = {J. Urrea, A Valencia},
    institution = {Universidad de los Andes}
}

@article{Pittman2003,
    title = {{Experimental controlled-NOT logic gate for single photons in the coincidence basis}},
    year = {2003},
    journal = {Phys. Rev. A},
    author = {Pittman, T B and Fitch, M J and Jacobs, B C and Franson, J D},
    number = {3},
    month = {9},
    pages = {32316},
    volume = {{\textbackslash}textbf{\{}68},
    publisher = {American Physical Society},
    url = {https://link.aps.org/doi/10.1103/PhysRevA.68.032316},
    doi = {10.1103/PhysRevA.68.032316}
}

@article{Wang2008,
    title = {{Experimental Decoy-State Quantum Key Distribution with a Sub-Poissionian Heralded Single-Photon Source}},
    year = {2008},
    journal = {Phys. Rev. Lett.},
    author = {Wang, Qin and Chen, Wei and Xavier, Guilherme and Swillo, Marcin and Zhang, Tao and Sauge, Sebastien and Tengner, Maria and Han, Zheng-Fu and Guo, Guang-Can and Karlsson, Anders},
    number = {9},
    month = {3},
    pages = {90501},
    volume = {{\textbackslash}textbf{\{}10},
    publisher = {American Physical Society},
    url = {https://link.aps.org/doi/10.1103/PhysRevLett.100.090501},
    doi = {10.1103/PhysRevLett.100.090501}
}

@article{2019Alsing,
    title = {{Fast likelihood-free cosmology with neural density estimators and active learning}},
    year = {2019},
    journal = {arXiv preprint arXiv:1903.00007},
    author = {Alsing, Justin and Charnock, Tom and Feeney, Stephen and Wandelt, Benjamin}
}

@article{Grangier2004,
    title = {{Focus on Single Photons on Demand}},
    year = {2004},
    journal = {New J. Phys.},
    author = {Grangier, Philippe and Sanders, Barry and Vuckovic, Jelena},
    volume = {{\textbackslash}textbf{\{}6{\}}}
}

@article{Peiris2017,
    title = {{Franson Interference Generated by a Two-Level System}},
    year = {2017},
    journal = {Phys. Rev. Lett.},
    author = {Peiris, M and Konthasinghe, K and Muller, A},
    number = {3},
    month = {1},
    pages = {30501},
    volume = {{\textbackslash}textbf{\{}11},
    publisher = {American Physical Society},
    url = {https://link.aps.org/doi/10.1103/PhysRevLett.118.030501},
    doi = {10.1103/PhysRevLett.118.030501}
}

@article{2019Zhang,
    title = {{From Dark Matter to Galaxies with Convolutional Networks}},
    year = {2019},
    journal = {arXiv e-prints},
    author = {Zhang, Xinyue and Wang, Yanfang and Zhang, Wei and Sun, Yueqiu and He, Siyu and Contardo, Gabriella and Villaescusa-Navarro, Francisco and Ho, Shirley},
    month = {2},
    pages = {arXiv:1902.05965},
    arxivId = {1902.05965},
    keywords = {Astrophysics - Cosmology and Nongalactic Astrophys, Computer Science - Machine Learning}
}

@article{Walton2004,
    title = {{Generation of polarization-entangled photon pairs with arbitrary joint spectrum}},
    year = {2004},
    journal = {Phys. Rev. A},
    author = {Walton, Zachary D and Sergienko, Alexander V and Saleh, Bahaa E A and Teich, Malvin C},
    number = {5},
    month = {11},
    pages = {52317},
    volume = {{\textbackslash}textbf{\{}70},
    publisher = {American Physical Society},
    url = {https://link.aps.org/doi/10.1103/PhysRevA.70.052317},
    doi = {10.1103/PhysRevA.70.052317}
}

@article{Uren2006,
    title = {{Generation of Pure-State Single-Photon Wavepackets by Conditional Preparation Based on Spontaneous Parametric Downconversion}},
    year = {2006},
    journal = {Laser Phys.},
    author = {U'Ren, Alfred and Silberhorn, Christine and Erdmann, Reinhard and Banaszek, Konrad and P. Grice, Warren and Walmsley, Ian and Raymer, Michael},
    volume = {{\textbackslash}textbf{\{}15}
}

@article{Ansari2018,
    title = {{Heralded generation of high-purity ultrashort single photons in programmable temporal shapes}},
    year = {2018},
    journal = {Opt. Express},
    author = {Ansari, V and Roccia, E and Santandrea, M and Doostdar, M and Eigner, C and Padberg, L and Gianani, I and Sbroscia, M and Donohue, J M and Mancino, L and Barbieri, M and Silberhorn, C},
    number = {3},
    month = {2},
    pages = {2764--2774},
    volume = {{\textbackslash}textbf{\{}26},
    publisher = {OSA},
    url = {http://www.opticsexpress.org/abstract.cfm?URI=oe-26-3-2764},
    doi = {10.1364/OE.26.002764},
    keywords = {Quantum optics; Pulse shaping; Ultrafast nonlinear}
}

@article{Zhang2012,
    title = {{Heralded generation of single photons in pure quantum states}},
    year = {2012},
    journal = {J. Mod. Opt.},
    author = {Zhang, L and S{\"{o}}ller, C and Cohen, O and Smith, B J and Walmsley, I A},
    number = {17},
    pages = {1525--1537},
    volume = {{\textbackslash}textbf{\{}59},
    publisher = {Taylor {\&} Francis},
    url = {https://doi.org/10.1080/09500340.2012.679707},
    doi = {10.1080/09500340.2012.679707}
}

@article{Mosley2008,
    title = {{Heralded Generation of Ultrafast Single Photons in Pure Quantum States}},
    year = {2008},
    journal = {Phys. Rev. Lett.},
    author = {Mosley, Peter J and Lundeen, Jeff S and Smith, Brian J and Wasylczyk, Piotr and U'Ren, Alfred B and Silberhorn, Christine and Walmsley, Ian A},
    number = {13},
    month = {4},
    pages = {133601},
    volume = {{\textbackslash}textbf{\{}10},
    publisher = {American Physical Society},
    url = {https://link.aps.org/doi/10.1103/PhysRevLett.100.133601},
    doi = {10.1103/PhysRevLett.100.133601}
}

@article{Liu2017,
    title = {{Heralding Pure Single Photons Generated with Spontaneous Parametric Down Conversion}},
    year = {2017},
    journal = {Int. J. Theor. Phys.},
    author = {Liu, X and Xiang, T and Chen, X},
    number = {9},
    month = {9},
    pages = {2831--2837},
    volume = {{\textbackslash}textbf{\{}56},
    url = {https://doi.org/10.1007/s10773-017-3450-3},
    doi = {10.1007/s10773-017-3450-3},
    issn = {1572-9575}
}

@article{Hamel2017,
    title = {{Heralding single photons with cascaded downconversion}},
    year = {2017},
    journal = {Bull. Am. Phys. Soc.},
    author = {Hamel, D and Poitras, P and Meyer-Scott, E},
    volume = {{\textbackslash}textbf{\{}62},
    publisher = {American Physical Society}
}

@article{Bennett2005,
    title = {{High performance single photon sources from photolithographically defined pillar microcavities}},
    year = {2005},
    journal = {Opt. Express},
    author = {Bennett, A J and Unitt, D C and Atkinson, P and Ritchie, D A and Shields, A J},
    number = {1},
    month = {1},
    pages = {50--55},
    volume = {{\textbackslash}textbf{\{}13},
    publisher = {OSA},
    url = {http://www.opticsexpress.org/abstract.cfm?URI=oe-13-1-50},
    doi = {10.1364/OPEX.13.000050},
    keywords = {Photon statistics; Spectroscopy, condensed matter}
}

@article{Neergaard-Nielsen2007,
    title = {{High purity bright single photon source}},
    year = {2007},
    journal = {Opt. Express},
    author = {Neergaard-Nielsen, Jonas S and Nielsen, B Melholt and Takahashi, Hiroki and Vistnes, Arnt Inge and Polzik, Eugene S},
    number = {13},
    pages = {7940--7949},
    volume = {{\textbackslash}textbf{\{}15},
    publisher = {Optical Society of America}
}

@phdthesis{Valencia2005,
    title = {{High-accurate nonlocal timing and positioning using entangled photon pairs}},
    year = {2005},
    author = {Valencia, A},
    school = {University of Maryland, Baltimore County}
}

@article{Fasel2004,
    title = {{High-quality asynchronous heralded single-photon source at telecom wavelength}},
    year = {2004},
    journal = {New J. Phys.},
    author = {Fasel, Sylvain and Alibart, Olivier and Tanzilli, Sebastien and Baldi, Pascal and Beveratos, Alexios and Gisin, Nicolas and Zbinden, Hugo},
    number = {1},
    pages = {163},
    volume = {{\textbackslash}textbf{\{}6{\}}},
    publisher = {IOP Publishing}
}

@article{Brokmann2004,
    title = {{Highly efficient triggered emission of single photons by colloidal CdSe/ ZnS nanocrystals}},
    year = {2004},
    journal = {Appl. Phys. Lett.},
    author = {Brokmann, Xavier and Giacobino, E and Dahan, Maxime and Hermier, Jean-Pierre},
    number = {5},
    pages = {712--714},
    volume = {{\textbackslash}textbf{\{}85},
    publisher = {AIP}
}

@article{Steiner2007,
    title = {{Highly efficient, tunable single photon source based on single molecules}},
    year = {2007},
    journal = {Appl. Phys. Lett.},
    author = {Steiner, Mathias and Hartschuh, Achim and Korlacki Rafa{\l}and Meixner, Alfred J},
    number = {18},
    pages = {183122},
    volume = {{\textbackslash}textbf{\{}90},
    publisher = {AIP}
}

@article{Varnava2008,
    title = {{How Good Must Single Photon Sources and Detectors Be for Efficient Linear Optical Quantum Computation?}},
    year = {2008},
    journal = {Phys. Rev. Lett.},
    author = {Varnava, Michael and Browne, Daniel E and Rudolph, Terry},
    number = {6},
    month = {2},
    pages = {60502},
    volume = {{\textbackslash}textbf{\{}10},
    publisher = {American Physical Society},
    url = {https://link.aps.org/doi/10.1103/PhysRevLett.100.060502},
    doi = {10.1103/PhysRevLett.100.060502}
}

@article{Walborn2003,
    title = {{Hyperentanglement-assisted Bell-state analysis}},
    year = {2003},
    journal = {Phys. Rev. A},
    author = {Walborn, S P and P{\'{a}}dua, S and Monken, C H},
    number = {4},
    month = {10},
    pages = {42313},
    volume = {{\textbackslash}textbf{\{}68},
    publisher = {American Physical Society},
    url = {https://link.aps.org/doi/10.1103/PhysRevA.68.042313},
    doi = {10.1103/PhysRevA.68.042313}
}

@article{Angelo2003,
    title = {{Identifying Entanglement Using Quantum Ghost Interference and Imaging}},
    year = {2004},
    journal = {Phys. Rev. Lett.},
    author = {D'Angelo, Milena and Kim, Yoon-Ho and Kulik, Sergei P and Shih, Yanhua},
    number = {23},
    month = {6},
    pages = {233601},
    volume = {{\textbackslash}textbf{\{}92},
    publisher = {American Physical Society},
    url = {https://link.aps.org/doi/10.1103/PhysRevLett.92.233601},
    doi = {10.1103/PhysRevLett.92.233601}
}

@misc{Urrego2013,
    title = {{Implementation of the protocol BB84 for encryption of a message}},
    year = {2014},
    author = {Urrego Daniel Valencia Alejandra, Guzmán David},
    institution = {Universidad de los Andes}
}

@article{2014Vogelsberger,
    title = {{Introducing the Illustris Project: simulating the coevolution of dark and visible matter in the Universe}},
    year = {2014},
    journal = {Monthly Notices of the Royal Astronomical Society},
    author = {Vogelsberger, Mark and Genel, Shy and Springel, Volker and Torrey, Paul and Sijacki, Debora and Xu, Dandan and Snyder, Greg and Nelson, Dylan and Hernquist, Lars},
    number = {2},
    pages = {1518--1547},
    volume = {444},
    publisher = {Oxford University Press}
}

@book{Gerry2004,
    title = {{Introductory Quantum Optics}},
    year = {2004},
    booktitle = {Introductory Quantum Optics},
    author = {Gerry, C and Knight, P},
    publisher = {Cambridge University Press},
    url = {https://books.google.com.co/books?id=NJO8QgAACAAJ},
    isbn = {9780521820356}
}

@article{Eisaman2011,
    title = {{Invited review article: Single-photon sources and detectors}},
    year = {2011},
    journal = {Rev. Sci. Instrum.},
    author = {Eisaman, M D and Fan, Jingyun and Migdall, A and Polyakov, Sergey V},
    number = {7},
    pages = {71101},
    volume = {{\textbackslash}textbf{\{}82},
    publisher = {AIP}
}

@article{Zielnicki2018,
    title = {{Joint spectral characterization of photon-pair sources}},
    year = {2018},
    journal = {J. Mod. Opt.},
    author = {Zielnicki, K and Garay-Palmett, K and Cruz-Delgado, D and Cruz-Ramirez, H and O’Boyle, M F and Fang, B and Lorenz, V O and U’Ren, A B and Kwiat, P G},
    number = {10},
    pages = {1141--1160},
    volume = {{\textbackslash}textbf{\{}65},
    publisher = {Taylor {\&} Francis},
    url = {https://doi.org/10.1080/09500340.2018.1437228},
    doi = {10.1080/09500340.2018.1437228}
}

@article{2016Fisher,
    title = {{Lagrangian methods of cosmic web classification}},
    year = {2016},
    journal = {Monthly Notices of the Royal Astronomical Society},
    author = {Fisher, J. D. and Faltenbacher, A. and Johnson, M. S.T.},
    number = {2},
    pages = {1517--1528},
    volume = {458},
    doi = {10.1093/mnras/stw370},
    issn = {13652966},
    keywords = {Dark matter, Hydrodynamics, Large-scale structure of Universe, Methods: Numerical}
}

@article{2019Luber,
    title = {{Large Scale Structure in CHILES}},
    year = {2019},
    journal = {arXiv e-prints},
    author = {Luber, Nicholas and van Gorkom, J. H. and Hess, Kelley M. and Pisano, D. J. and Fernandez, Ximena and Momjian, Emmanuel},
    month = {4},
    pages = {arXiv:1904.10511},
    url = {http://arxiv.org/abs/1904.10511},
    arxivId = {1904.10511},
    keywords = {Astrophysics - Astrophysics of Galaxies}
}

@article{2019Tsizh,
    title = {{Large-scale structures in the {\$}{\textbackslash}Lambda{\$}CDM Universe: network analysis and machine learning}},
    year = {2019},
    author = {Tsizh, Maksym and Novosyadlyj, Bohdan and Holovatch, Yurij and Libeskind, Noam I},
    number = {October},
    url = {http://arxiv.org/abs/1910.07868},
    arxivId = {1910.07868},
    keywords = {complex, cosmology, gravitationally bound systems, large scale structure, networks-machine learning}
}

@article{MeyerScott2017,
    title = {{Limits on the heralding efficiencies and spectral purities of spectrally filtered single photons from photon-pair sources}},
    year = {2017},
    journal = {Phys. Rev. A},
    author = {Meyer-Scott, E and Montaut, N and Tiedau, J and Sansoni, L and Herrmann, H and Bartley, T and Silberhorn, C},
    number = {6},
    month = {6},
    pages = {61803},
    volume = {{\textbackslash}textbf{\{}95},
    publisher = {American Physical Society},
    url = {https://link.aps.org/doi/10.1103/PhysRevA.95.061803},
    doi = {10.1103/PhysRevA.95.061803}
}

@article{Kok2007,
    title = {{Linear optical quantum computing with photonic qubits}},
    year = {2007},
    journal = {Rev. Mod. Phys.},
    author = {Kok, Pieter and Munro, William J and Nemoto, Kae and Ralph, Timothy C and Dowling, Jonathan P and Milburn, Gerard J},
    number = {1},
    pages = {135},
    volume = {{\textbackslash}textbf{\{}79},
    publisher = {APS}
}

@article{2018Simola,
    title = {{Machine Learning Accelerated Likelihood-Free Event Reconstruction in Dark Matter Direct Detection}},
    year = {2018},
    journal = {arXiv e-prints},
    author = {Simola, U and Pelssers, B and Barge, D and Conrad, J and Corander, J},
    month = {10},
    pages = {arXiv:1810.09930},
    arxivId = {1810.09930},
    keywords = {Astrophysics - Instrumentation and Methods for Ast, High Energy Physics - Experiment, High Energy Physics - Phenomenology, Physics - Data Analysis, Statistics - Machine Learning, Statistics and Probability}
}

@article{2016Kamdar,
    title = {{Machine learning and cosmological simulations – II. Hydrodynamical simulations}},
    year = {2016},
    journal = {Mon. Not. Roy. Astron. Soc.},
    author = {Kamdar, Harshil M and Turk, Matthew J and Brunner, Robert J},
    number = {2},
    pages = {1162--1179},
    volume = {457},
    doi = {10.1093/MNRAS/stv2981, 10.1093/mnras/stv2981},
    arxivId = {1510.07659}
}

@article{2018Lucie-Smith,
    title = {{Machine learning cosmological structure formation}},
    year = {2018},
    journal = {Mon. Not. Roy. Astron. Soc.},
    author = {Lucie-Smith, Luisa and Peiris, Hiranya V and Pontzen, Andrew and Lochner, Michelle},
    number = {3},
    pages = {3405--3414},
    volume = {479},
    doi = {10.1093/mnras/sty1719},
    arxivId = {1802.04271}
}

@article{2018Haiman,
    title = {{Machine learning uncovers new cosmological information}},
    year = {2018},
    journal = {arXiv e-prints},
    author = {Haiman, Zoltán},
    month = {10},
    pages = {arXiv:1810.12220},
    arxivId = {1810.12220},
    keywords = {Astrophysics - Cosmology and Nongalactic Astrophys}
}

@article{Kwiat1995,
    title = {{New High-Intensity Source of Polarization-Entangled Photon Pairs}},
    year = {1995},
    journal = {Phys. Rev. Lett.},
    author = {Kwiat, Paul G and Mattle, Klaus and Weinfurter, Harald and Zeilinger, Anton and Sergienko, Alexander V and Shih, Yanhua},
    number = {24},
    month = {12},
    pages = {4337--4341},
    volume = {{\textbackslash}textbf{\{}75},
    publisher = {American Physical Society},
    url = {http://link.aps.org/doi/10.1103/PhysRevLett.75.4337},
    doi = {10.1103/PhysRevLett.75.4337}
}

@book{Boyd2008,
    title = {{Nonlinear Optics, Third Edition}},
    year = {2008},
    booktitle = {Nonlinear Optics},
    author = {Boyd, Robert W},
    edition = {3rd},
    publisher = {Academic Press},
    isbn = {0123694701, 9780123694706}
}

@article{Zhao2008,
    title = {{Observation of spectral asymmetry in cw-pumped type-II spontaneous parametric down-conversion}},
    year = {2008},
    journal = {Phys. Rev. A},
    author = {Zhao, Zhi and Meyer, Kent A and Whitten, William B and Shaw, Robert W and Bennink, Ryan S and Grice, Warren P},
    number = {6},
    month = {6},
    pages = {63828},
    volume = {{\textbackslash}textbf{\{}77},
    publisher = {American Physical Society},
    url = {http://link.aps.org/doi/10.1103/PhysRevA.77.063828},
    doi = {10.1103/PhysRevA.77.063828}
}

@article{Osorio2013,
    title = {{On the purity and indistinguishability of down-converted photons}},
    year = {2013},
    journal = {J. Phys. B: At., Mol. Opt. Phys.},
    author = {Osorio, C and Sangouard, N and Thew, R},
    number = {5},
    pages = {55501},
    volume = {{\textbackslash}textbf{\{}46},
    url = {http://stacks.iop.org/0953-4075/46/i=5/a=055501}
}

@article{Branczyk2010,
    title = {{Optimized generation of heralded Fock states using parametric down-conversion}},
    year = {2010},
    journal = {New J. Phys.},
    author = {Bra{\'{n}}czyk, Agata M and Ralph, T C and Helwig, Wolfram and Silberhorn, Christine},
    number = {6},
    pages = {63001},
    volume = {{\textbackslash}textbf{\{}12},
    publisher = {IOP Publishing}
}

@article{Ping2011,
    title = {{Optimized heralding schemes for single photons}},
    year = {2011},
    journal = {Phys. Rev. A},
    author = {Huang, Yu-Ping and Altepeter, Joseph B and Kumar, Prem},
    number = {3},
    month = {9},
    pages = {33844},
    volume = {{\textbackslash}textbf{\{}84},
    publisher = {American Physical Society},
    url = {https://link.aps.org/doi/10.1103/PhysRevA.84.033844},
    doi = {10.1103/PhysRevA.84.033844}
}

@article{Alleaume2004,
    title = {{Photon statistics characterization of a single-photon source}},
    year = {2004},
    journal = {New J. Phys.},
    author = {All{\'{e}}aume, R and Treussart, F and Courty, J-M and Roch, J-F},
    number = {1},
    pages = {85},
    volume = {{\textbackslash}textbf{\{}6{\}}},
    url = {http://stacks.iop.org/1367-2630/6/i=1/a=085}
}

@article{Hennrich2004,
    title = {{Photon statistics of a non-stationary periodically driven single-photon source}},
    year = {2004},
    journal = {New J. Phys.},
    author = {Hennrich, Markus and Legero, Thomas and Kuhn, Axel and Rempe, Gerhard},
    number = {1},
    pages = {86},
    volume = {{\textbackslash}textbf{\{}6{\}}},
    publisher = {IOP Publishing}
}

@article{Zhong2015,
    title = {{Photon-efficient quantum key distribution using time--energy entanglement with high-dimensional encoding}},
    year = {2015},
    journal = {New J. Phys.},
    author = {Zhong, Tian and Zhou, Hongchao and Horansky, Robert D and Lee, Catherine and Verma, Varun B and Lita, Adriana E and Restelli, Alessandro and Bienfang, Joshua C and Mirin, Richard P and Gerrits, Thomas and {others}},
    number = {2},
    pages = {22002},
    volume = {{\textbackslash}textbf{\{}17},
    publisher = {IOP Publishing}
}

@article{2019Calderon,
    title = {{Prediction of galaxy halo masses in SDSS DR7 via a machine learning approach}},
    year = {2019},
    journal = {arXiv e-prints},
    author = {Calderon, Victor F and Berlind, Andreas A},
    month = {2},
    pages = {arXiv:1902.02680},
    arxivId = {1902.02680},
    keywords = {Astrophysics - Astrophysics of Galaxies, Astrophysics - Cosmology and Nongalactic Astrophys}
}

@article{2007Hahn,
    title = {{Properties of dark matter haloes in clusters, filaments, sheets and voids}},
    year = {2007},
    journal = {Monthly Notices of the Royal Astronomical Society},
    author = {Hahn, Oliver and Porciani, Cristiano and Carollo, C Marcella and Dekel, Avishai},
    number = {2},
    pages = {489--499},
    volume = {375},
    url = {https://doi.org/10.1111/j.1365-2966.2006.11318.x},
    doi = {10.1111/j.1365-2966.2006.11318.x},
    issn = {0035-8711}
}

@article{Kwiat1994,
    title = {{Proposal for a loophole-free Bell inequality experiment}},
    year = {1994},
    journal = {Phys. Rev. A},
    author = {Kwiat, Paul G and Eberhard, Philippe H and Steinberg, Aephraim M and Chiao, Raymond Y},
    number = {5},
    month = {5},
    pages = {3209--3220},
    volume = {{\textbackslash}textbf{\{}49},
    publisher = {American Physical Society},
    url = {https://link.aps.org/doi/10.1103/PhysRevA.49.3209},
    doi = {10.1103/PhysRevA.49.3209}
}

@article{Graffitti2017,
    title = {{Pure down-conversion photons through sub-coherence-length domain engineering}},
    year = {2017},
    journal = {Quantum Sci. Technol.},
    author = {Graffitti, F and Kundys, D and Reid, D T and Bra{\'{n}}czyk, A M and Fedrizzi, A},
    number = {3},
    pages = {35001},
    volume = {{\textbackslash}textbf{\{}2{\}}},
    url = {http://stacks.iop.org/2058-9565/2/i=3/a=035001}
}

@article{Raymer2005,
    title = {{Pure-state single-photon wave-packet generation by parametric down-conversion in a distributed microcavity}},
    year = {2005},
    journal = {Phys. Rev. A},
    author = {Raymer, M G and Noh, Jaewoo and Banaszek, K and Walmsley, I A},
    number = {2},
    month = {8},
    pages = {23825},
    volume = {{\textbackslash}textbf{\{}72},
    publisher = {American Physical Society},
    url = {https://link.aps.org/doi/10.1103/PhysRevA.72.023825},
    doi = {10.1103/PhysRevA.72.023825}
}

@article{Duan2000,
    title = {{Quantum Communication between Atomic Ensembles Using Coherent Light}},
    year = {2000},
    journal = {Phys. Rev. Lett.},
    author = {Duan, Lu-Ming and Cirac, J I and Zoller, P and Polzik, E S},
    number = {26},
    month = {12},
    pages = {5643--5646},
    volume = {85},
    publisher = {American Physical Society},
    url = {https://link.aps.org/doi/10.1103/PhysRevLett.85.5643},
    doi = {10.1103/PhysRevLett.85.5643}
}

@book{Nielsen2002,
    title = {{Quantum computation and quantum information}},
    year = {2002},
    booktitle = {Quantum computation and quantum information},
    author = {Nielsen, Michael A and Chuang, Isaac},
    publisher = {AAPT}
}

@article{Gisin02,
    title = {{Quantum cryptography}},
    year = {2002},
    journal = {Rev. Mod. Phys.},
    author = {Gisin, Nicolas and Ribordy, Grégoire and Tittel, Wolfgang and Zbinden, Hugo},
    number = {1},
    month = {3},
    pages = {145--195},
    volume = {{\textbackslash}textbf{\{}74},
    publisher = {American Physical Society},
    url = {https://link.aps.org/doi/10.1103/RevModPhys.74.145},
    doi = {10.1103/RevModPhys.74.145}
}

@article{Bennett1992,
    title = {{Quantum cryptography using any two nonorthogonal states}},
    year = {1992},
    journal = {Phys. Rev. Lett.},
    author = {Bennett, Charles H},
    number = {21},
    pages = {3121},
    volume = {{\textbackslash}textbf{\{}68},
    publisher = {APS}
}

@article{Monroe2002,
    title = {{Quantum information processing with atoms and photons}},
    year = {2002},
    journal = {Nature},
    author = {Monroe, Chris},
    number = {6877},
    pages = {238},
    volume = {{\textbackslash}textbf{\{}41},
    publisher = {Nature Publishing Group}
}

@book{Beck2012,
    title = {{Quantum Mechanics: Theory and Experiment}},
    year = {2012},
    booktitle = {Quantum Mechanics: Theory and Experiment},
    author = {Beck, Mark},
    publisher = {Oxford University Press}
}

@book{Fox2006,
    title = {{Quantum Optics: An Introduction}},
    year = {2006},
    author = {Fox, M},
    series = {Oxford Master Series in Physics},
    publisher = {OUP Oxford},
    url = {https://books.google.com.co/books?id=2_ZP-LDF9jkC},
    isbn = {9780198566731}
}

@article{Valivarthi2016,
    title = {{Quantum teleportation across a metropolitan fibre network}},
    year = {2016},
    journal = {Nat. Photonics},
    author = {Valivarthi, R and Zhou, Q and Aguilar, G and Verma, V and Marsili, F and Shaw, M and Nam, S and Oblak, D and Tittel, W and {others}},
    number = {10},
    pages = {676},
    volume = {{\textbackslash}textbf{\{}10},
    publisher = {Nature Publishing Group}
}

@article{Takesue2015,
    title = {{Quantum teleportation over 100{\&}{\#}x2009;{\&}{\#}x2009;km of fiber using highly efficient superconducting nanowire single-photon detectors}},
    year = {2015},
    journal = {Optica},
    author = {Takesue, H and Dyer, S and Stevens, M and Verma, V and Mirin, R and Nam, S},
    number = {10},
    month = {10},
    pages = {832--835},
    volume = {{\textbackslash}textbf{\{}2{\}}},
    publisher = {OSA},
    url = {http://www.osapublishing.org/optica/abstract.cfm?URI=optica-2-10-832},
    doi = {10.1364/OPTICA.2.000832},
    keywords = {Quantum detectors; Quantum communications ; Quantu}
}

@article{Ma2012,
    title = {{Quantum teleportation over 143 kilometres using active feed-forward}},
    year = {2012},
    journal = {Nature},
    author = {Ma, Xiao-Song and Herbst, Thomas and Scheidl, Thomas and Wang, Daqing and Kropatschek, Sebastian and Naylor, William and Wittmann, Bernhard and Mech, Alexandra and Kofler, Johannes and Anisimova, Elena and {others}},
    number = {7415},
    pages = {269--273},
    volume = {489},
    publisher = {Nature Research}
}

@article{Fickler2013,
    title = {{Real-time imaging of quantum entanglement}},
    year = {2013},
    journal = {Sci. Rep.},
    author = {Fickler, Robert and Krenn, Mario and Lapkiewicz, Radek and Ramelow, Sven and Zeilinger, Anton},
    volume = {{\textbackslash}textbf{\{}3{\}}},
    publisher = {Nature Publishing Group}
}

@article{Scarcelli2004,
    title = {{Remote spectral measurement using entangled photons}},
    year = {2003},
    journal = {Appl. Phys. Lett.},
    author = {Scarcelli, Giuliano and Valencia, Alejandra and Gompers, Samuel and Shih, Yanhua},
    number = {26},
    pages = {5560--5562},
    volume = {{\textbackslash}textbf{\{}83},
    url = {http://dx.doi.org/10.1063/1.1637131},
    doi = {10.1063/1.1637131}
}

@article{Lukishova2003,
    title = {{Room temperature single-photon source: single-dye molecule fluorescence in liquid crystal host}},
    year = {2003},
    journal = {IEEE J. Sel. Topics in Quantum Electron.},
    author = {Lukishova, Svetlana G and Schmid, Ansgar W and McNamara, Andrew J and Boyd, Robert W and Stroud, Carlos R},
    number = {6},
    pages = {1512--1518},
    volume = {{\textbackslash}textbf{\{}9{\}}},
    publisher = {IEEE}
}

@article{2007Hahnb,
    title = {{Semiconductor quantum light sources}},
    year = {2007},
    journal = {Nanoscience And Technology: A Collection of Reviews from Nature Journals},
    author = {Shields, Andrew J},
    number = {4},
    pages = {215--223},
    volume = {{\textbackslash}textbf{\{}1{\}}},
    publisher = {MNRAS}
}

@article{Valencia2007,
    title = {{Shaping the waveform of entangled photons}},
    year = {2007},
    journal = {Phys. Rev. Lett.},
    author = {Valencia, Alejandra and Cer{\'{e}}, Alessandro and Shi, Xiaojuan and Molina-Terriza, Gabriel and Torres, Juan P},
    number = {24},
    pages = {243601},
    volume = {{\textbackslash}textbf{\{}99},
    publisher = {APS}
}

@article{Pillepich2018,
    title = {{Simulating galaxy formation with the IllustrisTNG model}},
    year = {2018},
    journal = {Monthly Notices of the Royal Astronomical Society},
    author = {Pillepich, Annalisa and Springel, Volker and Nelson, Dylan and Genel, Shy and Naiman, Jill and Pakmor, Rüdiger and Hernquist, Lars and Torrey, Paul and Vogelsberger, Mark and Weinberger, Rainer and Marinacci, Federico},
    number = {3},
    month = {3},
    pages = {4077--4106},
    volume = {473},
    url = {http://arxiv.org/abs/1703.02970 http://dx.doi.org/10.1093/mnras/stx2656},
    doi = {10.1093/mnras/stx2656},
    issn = {13652966},
    arxivId = {1703.02970},
    keywords = {Galaxies: evolution, Galaxies: formation, Methods: numerical}
}

@article{Chen2017,
    title = {{Simultaneous enhancement of light extraction and spontaneous emission using a partially reflecting metasurface cavity}},
    year = {2017},
    journal = {Phys. Rev. A},
    author = {Chen, L and Achouri, K and Kallos, E and Caloz, C},
    number = {5},
    month = {5},
    pages = {53808},
    volume = {{\textbackslash}textbf{\{}95},
    publisher = {American Physical Society},
    url = {https://link.aps.org/doi/10.1103/PhysRevA.95.053808},
    doi = {10.1103/PhysRevA.95.053808}
}

@article{Lounis2000,
    title = {{Single photons on demand from a single molecule at room temperature}},
    year = {2000},
    journal = {Nature},
    author = {Lounis, Brahim and Moerner, William E},
    number = {6803},
    pages = {491},
    volume = {{\textbackslash}textbf{\{}40},
    publisher = {Nature Publishing Group}
}

@article{Jennewein2011,
    title = {{Single-photon device requirements for operating linear optics quantum computing outside the post-selection basis}},
    year = {2011},
    journal = {J. Mod. Opt.},
    author = {Jennewein, T and Barbieri, M and White, A G},
    number = {3-4},
    pages = {276--287},
    volume = {{\textbackslash}textbf{\{}58},
    publisher = {Taylor {\&} Francis},
    url = {http://dx.doi.org/10.1080/09500340.2010.546894},
    doi = {10.1080/09500340.2010.546894}
}

@article{Lounis_2005,
    title = {{Single-photon sources}},
    year = {2005},
    journal = {Reports on Progress in Physics},
    author = {Lounis, Brahim and Orrit, Michel},
    number = {5},
    month = {4},
    pages = {1129--1179},
    volume = {68},
    publisher = {{\{}IOP{\}} Publishing},
    url = {https://doi.org/10.1088%2F0034-4885%2F68%2F5%2Fr04},
    doi = {10.1088/0034-4885/68/5/r04}
}

@article{Rezus2012,
    title = {{Single-Photon Spectroscopy of a Single Molecule}},
    year = {2012},
    journal = {Phys. Rev. Lett.},
    author = {Rezus, Y L A and Walt, S G and Lettow, R and Renn, A and Zumofen, G and G{\"{o}}tzinger, S and Sandoghdar, V},
    number = {9},
    month = {2},
    pages = {93601},
    volume = {108},
    publisher = {American Physical Society},
    url = {https://link.aps.org/doi/10.1103/PhysRevLett.108.093601},
    doi = {10.1103/PhysRevLett.108.093601}
}

@article{Lee2016,
    title = {{Spatial and spectral properties of entangled photons from spontaneous parametric down-conversion with a focused pump}},
    year = {2016},
    journal = {Opt. Commun.},
    author = {Jong-Chan, L and Yoon-Ho, K},
    pages = {442--450},
    volume = {{\textbackslash}textbf{\{}36},
    url = {http://www.sciencedirect.com/science/article/pii/S0030401815303837},
    doi = {http://dx.doi.org/10.1016/j.optcom.2015.12.050},
    issn = {0030-4018},
    keywords = {Parametric down conversion}
}

@article{Osorio2008,
    title = {{Spatiotemporal correlations in entangled photons generated by spontaneous parametric down conversion}},
    year = {2008},
    journal = {New J. Phys.},
    author = {Osorio, Clara and Valencia, Alejandra and Torres, Juan P},
    number = {11},
    pages = {113012},
    volume = {{\textbackslash}textbf{\{}10},
    url = {http://stacks.iop.org/1367-2630/10/i=11/a=113012}
}

@article{Baek2008,
    title = {{Spectral properties of entangled photon pairs generated via frequency-degenerate type-I spontaneous parametric down-conversion}},
    year = {2008},
    journal = {Phys. Rev. A},
    author = {Baek, So-Young and Kim, Yoon-Ho},
    number = {4},
    month = {4},
    pages = {43807},
    volume = {{\textbackslash}textbf{\{}77},
    publisher = {APS},
    url = {https://link.aps.org/doi/10.1103/PhysRevA.77.043807},
    doi = {10.1103/PhysRevA.77.043807}
}

@article{Koefoed2017,
    title = {{Spectrally pure heralded single photons by spontaneous four-wave mixing in a fiber: reducing impact of dispersion fluctuations}},
    year = {2017},
    journal = {Opt. Express},
    author = {Koefoed, J G and Friis, S M and Christensen, J B and Rottwitt, K},
    number = {17},
    month = {8},
    pages = {20835--20849},
    volume = {{\textbackslash}textbf{\{}25},
    publisher = {OSA},
    url = {http://www.opticsexpress.org/abstract.cfm?URI=oe-25-17-20835},
    doi = {10.1364/OE.25.020835},
    keywords = {Nonlinear optics, and noise; Nonlinear effects; Phase matching; Pha, four-wave mixing; Quantum optics; Fluctuations, relaxations}
}

@phdthesis{Shi2009,
    title = {{Spectrum Shaping of Paired Photons}},
    year = {2010},
    author = {Shi, Xiaojuan}
}

@misc{Lundeen2005,
    title = {{Spontaneus Parametric Down Conversion}},
    year = {2005},
    author = {Lundeen, J S},
    url = {https://commons.wikimedia.org/wiki/File:Spontaneous_Parametric_Downconversion.png}
}

@article{2010Sousbie,
    title = {{The persistent cosmic web and its filamentary structure I: Theory and implementation}},
    year = {2010},
    author = {Sousbie, Thierry},
    month = {9},
    url = {https://arxiv.org/abs/1009.4015},
    doi = {10.1111/j.1365-2966.2011.18394.x},
    arxivId = {1009.4015}
}

@article{2005Zheng,
    title = {{Theoretical models of the halo occupation distribution: separating central and satellite galaxies}},
    year = {2005},
    journal = {The Astrophysical Journal},
    author = {Zheng, Zheng and Berlind, Andreas A and Weinberg, David H and Benson, Andrew J and Baugh, Carlton M and Cole, Shaun and Dav{\'{e}}, Romeel and Frenk, Carlos S and Katz, Neal and Lacey, Cedric G},
    number = {2},
    pages = {791},
    volume = {633},
    publisher = {IOP Publishing}
}

@article{DelValle2012,
    title = {{Theory of Frequency-Filtered and Time-Resolved {\$}N{\$}-Photon Correlations}},
    year = {2012},
    journal = {Phys. Rev. Lett.},
    author = {Del Valle, E and Gonzalez-Tudela, A and Laussy, F P and Tejedor, C and Hartmann, M J},
    number = {18},
    month = {10},
    pages = {183601},
    volume = {{\textbackslash}textbf{\{}10},
    publisher = {American Physical Society},
    url = {http://link.aps.org/doi/10.1103/PhysRevLett.109.183601},
    doi = {10.1103/PhysRevLett.109.183601}
}

@article{Rubin1994,
    title = {{Theory of two-photon entanglement in type-II optical parametric down-conversion}},
    year = {1994},
    journal = {Phys. Rev. A},
    author = {Rubin, Morton H and Klyshko, David N and Shih, Y H and Sergienko, A V},
    number = {6},
    pages = {5122},
    volume = {{\textbackslash}textbf{\{}50},
    publisher = {APS}
}

@article{Rubin1996,
    title = {{Transverse correlation in optical spontaneous parametric down-conversion}},
    year = {1996},
    journal = {Phys. Rev. A},
    author = {Rubin, Morton H},
    number = {6},
    pages = {5349},
    volume = {{\textbackslash}textbf{\{}54},
    publisher = {APS}
}

@article{Hendrych2007,
    title = {{Tunable control of the frequency correlations of entangled photons}},
    year = {2007},
    journal = {Opt. Lett.},
    author = {Hendrych, M and Micuda, M and Torres, J P},
    number = {16},
    month = {8},
    pages = {2339--2341},
    volume = {{\textbackslash}textbf{\{}32},
    publisher = {OSA},
    url = {http://ol.osa.org/abstract.cfm?URI=ol-32-16-2339},
    doi = {10.1364/OL.32.002339},
    keywords = {Nonlinear optics, parametric processes; Quantum optics; Photon stat}
}

@article{Peiris2015,
    title = {{Two-color photon correlations of the light scattered by a quantum dot}},
    year = {2015},
    journal = {Phys. Rev. B},
    author = {Peiris, M and Petrak, B and Konthasinghe, K and Yu, Y and Niu, Z C and Muller, A},
    number = {19},
    month = {5},
    pages = {195125},
    volume = {{\textbackslash}textbf{\{}91},
    publisher = {American Physical Society},
    url = {http://link.aps.org/doi/10.1103/PhysRevB.91.195125},
    doi = {10.1103/PhysRevB.91.195125}
}

@article{Kuzucu2005,
    title = {{Two-Photon Coincident-Frequency Entanglement via Extended Phase Matching}},
    year = {2005},
    journal = {Phys. Rev. Lett.},
    author = {Kuzucu, Onur and Fiorentino, Marco and Albota, Marius A and Wong, Franco N C and K{\"{a}}rtner, Franz X},
    number = {8},
    month = {3},
    pages = {83601},
    volume = {{\textbackslash}textbf{\{}94},
    publisher = {American Physical Society},
    url = {https://link.aps.org/doi/10.1103/PhysRevLett.94.083601},
    doi = {10.1103/PhysRevLett.94.083601}
}

@article{Inamori2007,
    title = {{Unconditional security of practical quantum key distribution}},
    year = {2007},
    journal = {European Physical Journal D},
    author = {Inamori, H and L{\"{u}}tkenhaus, N and Mayers, D},
    number = {3},
    month = {1},
    pages = {599},
    volume = {41},
    url = {https://doi.org/10.1140/epjd/e2007-00010-4},
    doi = {10.1140/epjd/e2007-00010-4},
    issn = {1434-6079}
}

@article{2018Khan,
    title = {{Unsupervised learning and data clustering for the construction of Galaxy Catalogs in the Dark Energy Survey}},
    year = {2018},
    journal = {arXiv e-prints},
    author = {Khan, Asad and Huerta, E.~A. and Wang, Sibo and Gruendl, Robert},
    month = {12},
    pages = {arXiv:1812.02183},
    arxivId = {1812.02183},
    keywords = {68T10, 85-08, Astrophysics - Instrumentation and Methods for Ast, Computer Science - Machine Learning, General Relativity and Quantum Cosmology, I.2, Statistics - Machine Learning}
}

@article{Sangouard2012,
    title = {{What are single photons good for?}},
    year = {2012},
    journal = {J. Mod. Opt.},
    author = {Sangouard, N and Zbinden, H},
    number = {17},
    pages = {1458--1464},
    volume = {{\textbackslash}textbf{\{}59},
    url = {http://dx.doi.org/10.1080/09500340.2012.687500},
    doi = {10.1080/09500340.2012.687500}
}

@article{2019Fang,
    title = {{{$\beta$}-Skeleton analysis of the cosmic web}},
    year = {2019},
    journal = {Monthly Notices of the Royal Astronomical Society},
    author = {Fang, Feng and Forero-Romero, Jaime and Rossi, Graziano and Li, Xiao Dong and Feng, Long Long},
    number = {4},
    pages = {5276--5284},
    volume = {485},
    publisher = {Oxford University Press},
    doi = {10.1093/mnras/stz773},
    issn = {13652966},
    arxivId = {1809.00438},
    keywords = {Cosmological parameters, Cosmology: observations, Large-scale structure of Universe, Methods: statistical}
}

@book{Schneider2014ExtragalacticIntroduction,
    title = {{Extragalactic astronomy and cosmology: an introduction}},
    year = {2014},
    author = {Schneider, Peter},
    publisher = {Springer},
    address = {2014Schneider}
}